@misc{mftd,
    author  = "Maarten Jansen",
    title   = "{M}ultilingual {F}olk {T}ale {D}atabase",
	howpublished = "\url{http://www.mftd.org/index.php?action=atu}"
}

@misc{NLTK,
    author  = "NLTK",
    title   = "{N}atural {L}anguage {T}oolkit",
	howpublished = "\url{http://www.nltk.org/}"
}


@BOOK{RETELLING,
  TITLE   = "{R}etelling {S}tories {A} {C}omputational {E}volutionary {P}erspective",
  SUBTITLE = "{A computational evolutionary perspective}",
  AUTHOR  = "Folgert Karsdorp",
  YEAR = "{2016}",
    chapter     = 10,
}
